<record><leader>00000cas a22000007a 4500</leader><controlfield tag="001">15991940</controlfield><controlfield tag="008">870617d18641866iauwr ne      0    0eng d</controlfield><datafield ind1=" " ind2=" " tag="010"><subfield code="a">sn 87058360 </subfield></datafield><datafield ind1=" " ind2=" " tag="040"><subfield code="a">INP</subfield><subfield code="b">eng</subfield><subfield code="c">INP</subfield><subfield code="d">OCLCQ</subfield></datafield><datafield ind1=" " ind2=" " tag="042"><subfield code="a">msc</subfield></datafield><datafield ind1="0" ind2="0" tag="245"><subfield code="a">Independence weekly conservative.</subfield></datafield><datafield ind1=" " ind2=" " tag="260"><subfield code="a">Independence, Buchanan County, Iowa :</subfield><subfield code="b">Barnhart Bros.,</subfield><subfield code="c">1864-1866.</subfield></datafield><datafield ind1=" " ind2=" " tag="300"><subfield code="a">3 v.</subfield></datafield><datafield ind1=" " ind2=" " tag="310"><subfield code="a">Weekly</subfield></datafield><datafield ind1="0" ind2=" " tag="362"><subfield code="a">Vol. 10, no. 1 (Mar. 29, 1864)-v. 12, no. 12 (June 22, 1866).</subfield></datafield><datafield ind1=" " ind2=" " tag="752"><subfield code="a">United States</subfield><subfield code="b">Iowa</subfield><subfield code="c">Buchanan</subfield><subfield code="d">Independence.</subfield></datafield><datafield ind1="0" ind2="0" tag="780"><subfield code="t">Independence civilian (Independence, Iowa : 1860)</subfield><subfield code="w">(DLC)sn 87058359</subfield></datafield><datafield ind1="0" ind2="0" tag="785"><subfield code="t">Independence conservative</subfield><subfield code="w">(DLC)sn 84027165</subfield></datafield></record>